@book{BlackburnBos:2005,
  author =        {Blackburn, Patrick and Bos, Johan},
  title =         {Representation and Inference for Natural Language. A First Course in Computational Semantics},
  publisher =     {CSLI},
  year =          {2005}  
}

@book{Jurafsky:2009,
 author = {Jurafsky, Daniel and Martin, James H.},
 title = {Speech and Language Processing (2nd Edition)},
 year = {2009},
 isbn = {0131873210},
 publisher = {Prentice-Hall, Inc.},
 address = {Upper Saddle River, NJ, USA},
} 

@inproceedings{TextEnt,
 author = {Dagan, Ido and Glickman, Oren and Magnini, Bernardo},
 title = {The PASCAL Recognising Textual Entailment Challenge},
 booktitle = {Proceedings of the First International Conference on Machine Learning Challenges: Evaluating Predictive Uncertainty Visual Object Classification, and Recognizing Textual Entailment},
 series = {MLCW'05},
 year = {2006},
 isbn = {3-540-33427-0, 978-3-540-33427-9},
 location = {Southampton, UK},
 pages = {177--190},
 numpages = {14},
 url = {http://dx.doi.org/10.1007/11736790_9},
 doi = {10.1007/11736790_9},
 acmid = {2100054},
 publisher = {Springer-Verlag},
 address = {Berlin, Heidelberg},
} 

@book{Manning:1999,
 author = {Manning, Christopher D. and Sch\"{u}tze, Hinrich},
 title = {Foundations of Statistical Natural Language Processing},
 year = {1999},
 isbn = {0-262-13360-1},
 publisher = {MIT Press},
 address = {Cambridge, MA, USA},
} 

@book{ Wright:63,
author = { von Wright, Georg Henrik },
title = { Norm and action : a logical enquiry },
publisher = { Routledge \& Kegan Paul ; Humanities Press London : New York },
pages = { xviii, 214 p. ; },
year = { 1963 },
type = { Book },
language = { English },
subjects = { Norm (Philosophy); Ethics. },
}

@book{BlackburnBos:DRT,
author = {Blackburn, Patrick and Bos, Johan},
title = {Working with Discourse Representation Theory. An Advanced Course in Computational Semantics},
year = {Não publicado},
url = {http://www.let.rug.nl/bos/comsem/book2.html},
}

@book{vanEijck:2010,
 author = {van Eijck, Jan and Unger, Christina},
 title = {Computational Semantics with Functional Programming},
 year = {2010},
 isbn = {0521760305, 9780521760300},
 edition = {1st},
 publisher = {Cambridge University Press},
 address = {New York, NY, USA},
} 
@book{BlackburnBos:2005,
  author =        {Blackburn, Patrick and Bos, Johan},
  title =         {Representation and Inference for Natural Language. A First Course in Computational Semantics},
  publisher =     {CSLI},
  year =          {2005}  
}

@book{Jurafsky:2009,
 author = {Jurafsky, Daniel and Martin, James H.},
 title = {Speech and Language Processing (2nd Edition)},
 year = {2009},
 isbn = {0131873210},
 publisher = {Prentice-Hall, Inc.},
 address = {Upper Saddle River, NJ, USA},
} 

@inproceedings{TextEnt,
 author = {Dagan, Ido and Glickman, Oren and Magnini, Bernardo},
 title = {The PASCAL Recognising Textual Entailment Challenge},
 booktitle = {Proceedings of the First International Conference on Machine Learning Challenges: Evaluating Predictive Uncertainty Visual Object Classification, and Recognizing Textual Entailment},
 series = {MLCW'05},
 year = {2006},
 isbn = {3-540-33427-0, 978-3-540-33427-9},
 location = {Southampton, UK},
 pages = {177--190},
 numpages = {14},
 url = {http://dx.doi.org/10.1007/11736790_9},
 doi = {10.1007/11736790_9},
 acmid = {2100054},
 publisher = {Springer-Verlag},
 address = {Berlin, Heidelberg},
} 

@book{Manning:1999,
 author = {Manning, Christopher D. and Sch\"{u}tze, Hinrich},
 title = {Foundations of Statistical Natural Language Processing},
 year = {1999},
 isbn = {0-262-13360-1},
 publisher = {MIT Press},
 address = {Cambridge, MA, USA},
} 

@book{ Wright:63,
author = { von Wright, Georg Henrik },
title = { Norm and action : a logical enquiry },
publisher = { Routledge \& Kegan Paul ; Humanities Press London : New York },
pages = { xviii, 214 p. ; },
year = { 1963 },
type = { Book },
language = { English },
subjects = { Norm (Philosophy); Ethics. },
}

@book{BlackburnBos:DRT,
author = {Blackburn, Patrick and Bos, Johan},
title = {Working with Discourse Representation Theory. An Advanced Course in Computational Semantics},
year = {Não publicado},
url = {http://www.let.rug.nl/bos/comsem/book2.html},
}

@book{vanEijck:2010,
 author = {van Eijck, Jan and Unger, Christina},
 title = {Computational Semantics with Functional Programming},
 year = {2010},
 isbn = {0521760305, 9780521760300},
 edition = {1st},
 publisher = {Cambridge University Press},
 address = {New York, NY, USA},
} 
